@ARTICLE{Lin2022,
       author = {{Lin}, Jonathan and {Fitzgerald}, Michael P. and {Xin}, Yinzi and {Guyon}, Olivier and {Leon-Saval}, Sergio and {Norris}, Barnaby and {Jovanovic}, Nemanja},
        title = "{Focal-plane wavefront sensing with photonic lanterns: theoretical framework}",
      journal = {Journal of the Optical Society of America B Optical Physics},
     keywords = {Astrophysics - Instrumentation and Methods for Astrophysics, Physics - Optics},
         year = 2022,
        month = oct,
       volume = {39},
       number = {10},
        pages = {2643},
          doi = {10.1364/JOSAB.466227},
archivePrefix = {arXiv},
       eprint = {2208.10563},
 primaryClass = {astro-ph.IM},
       adsurl = {https://ui.adsabs.harvard.edu/abs/2022JOSAB..39.2643L},
      adsnote = {Provided by the SAO/NASA Astrophysics Data System}
}

@article{Sun20,
	author = {He Sun and N. Jeremy Kasdin and Robert Vanderbei},
	doi = {10.1117/1.JATIS.6.1.019001},
	journal = {Journal of Astronomical Telescopes, Instruments, and Systems},
	keywords = {adaptive optics, high-contrast imaging, coronagraph, exoplanet, optimal experiment design, Adaptive optics, Wavefront sensors, Cameras, Coronagraphy, Signal to noise ratio, Wavefront aberrations, Sun, Telescopes, Wavefronts, Space telescopes},
	number = {1},
	pages = {019001},
	publisher = {SPIE},
	title = {{Efficient wavefront sensing for space-based adaptive optics}},
	url = {https://doi.org/10.1117/1.JATIS.6.1.019001},
	volume = {6},
	year = {2020},
	bdsk-url-1 = {https://doi.org/10.1117/1.JATIS.6.1.019001}}

@ARTICLE{Norris20,
       author = {{Norris}, Barnaby R.~M. and {Wei}, Jin and {Betters}, Christopher H. and {Wong}, Alison and {Leon-Saval}, Sergio G.},
        title = "{An all-photonic focal-plane wavefront sensor}",
      journal = {Nature Communications},
     keywords = {Astrophysics - Instrumentation and Methods for Astrophysics},
         year = 2020,
        month = oct,
       volume = {11},
          eid = {5335},
        pages = {5335},
          doi = {10.1038/s41467-020-19117-w},
archivePrefix = {arXiv},
       eprint = {2003.05158},
 primaryClass = {astro-ph.IM},
       adsurl = {https://ui.adsabs.harvard.edu/abs/2020NatCo..11.5335N},
      adsnote = {Provided by the SAO/NASA Astrophysics Data System}
}