@ARTICLE{Lin2022,
       author = {{Lin}, Jonathan and {Fitzgerald}, Michael P. and {Xin}, Yinzi and {Guyon}, Olivier and {Leon-Saval}, Sergio and {Norris}, Barnaby and {Jovanovic}, Nemanja},
        title = "{Focal-plane wavefront sensing with photonic lanterns: theoretical framework}",
      journal = {Journal of the Optical Society of America B Optical Physics},
     keywords = {Astrophysics - Instrumentation and Methods for Astrophysics, Physics - Optics},
         year = 2022,
        month = oct,
       volume = {39},
       number = {10},
        pages = {2643},
          doi = {10.1364/JOSAB.466227},
archivePrefix = {arXiv},
       eprint = {2208.10563},
 primaryClass = {astro-ph.IM},
       adsurl = {https://ui.adsabs.harvard.edu/abs/2022JOSAB..39.2643L},
      adsnote = {Provided by the SAO/NASA Astrophysics Data System}
}

